@article{hylan,
	title = {Automated {Prediction} of {Risk} for {Problem} {Opioid} {Use} in a {Primary} {Care} {Setting}},
	volume = {16},
	issn = {15265900},
	url = {http://linkinghub.elsevier.com/retrieve/pii/S1526590015000498},
	doi = {10.1016/j.jpain.2015.01.011},
	language = {en},
	number = {4},
	urldate = {2018-01-30},
	journal = {Journal of Pain},
	author = {Hylan, Timothy R. and Von Korff, Michael and Saunders, Kathleen and Masters, Elizabeth and Palmer, Roy E. and Carrell, David and Cronkite, David and Mardekian, Jack and Gross, David},
	month = apr,
	year = {2015},
	pages = {380--387}
}

@article{rice,
	title = {A model to identify patients at risk for prescription opioid abuse, dependence, and misuse},
	volume = {13},
	number = {9},
	journal = {Pain Medicine},
	author = {Rice, J. Bradford and White, Alan G. and Birnbaum, Howard G. and Schiller, Matt and Brown, David A. and Roland, Carl L.},
	year = {2012},
	pages = {1162--1173}
}

@article{dowell,
	title = {{CDC} {Guideline} for {Prescribing} {Opioids} for {Chronic} {Pain} — {United} {States}, 2016},
	volume = {65},
	issn = {1057-59871545-8601},
	url = {https://www.cdc.gov/mmwr/volumes/65/rr/rr6501e1.htm},
	doi = {10.15585/mmwr.rr6501e1er},
	language = {en-us},
	urldate = {2019-02-19},
	journal = {MMWR. Recommendations and Reports},
	author = {Dowell, Deborah and Haegerich, Tamara M. and Chou, Roger},
	year = {2016}
}

@article{dufour,
	title = {Understanding predictors of opioid abuse: predictive model development and validation},
	volume = {6},
	shorttitle = {Understanding predictors of opioid abuse},
	url = {http://www.ajpb.com/journals/ajpb/2014/ajpb_septemberoctober2014/understanding-predictors-of-opioid-abuse-predictive-model-development-and-validation},
	number = {5},
	journal = {American Journal of Pharmacy Benefits},
	author = {Dufour, Robert and Mardekian, Jack and Pasquale, Margaret K. and Schaaf, David and Andrews, George A. and Patel, Nick C.},
	year = {2014},
	pages = {208--216}
}

@article{jones,
	title = {Heroin use and heroin use risk behaviors among nonmedical users of prescription opioid pain relievers – {United} {States}, 2002–2004 and 2008–2010},
	volume = {132},
	issn = {03768716},
	url = {http://linkinghub.elsevier.com/retrieve/pii/S0376871613000197},
	doi = {10.1016/j.drugalcdep.2013.01.007},
	language = {en},
	number = {1-2},
	urldate = {2018-01-31},
	journal = {Drug and Alcohol Dependence},
	author = {Jones, Christopher M.},
	month = sep,
	year = {2013},
	pages = {95--100}
}

@article{carrell,
	title = {Using natural language processing to identify problem usage of prescription opioids},
	volume = {84},
	issn = {13865056},
	url = {http://linkinghub.elsevier.com/retrieve/pii/S138650561530037X},
	doi = {10.1016/j.ijmedinf.2015.09.002},
	language = {en},
	number = {12},
	urldate = {2018-01-30},
	journal = {International Journal of Medical Informatics},
	author = {Carrell, David S. and Cronkite, David and Palmer, Roy E. and Saunders, Kathleen and Gross, David E. and Masters, Elizabeth T. and Hylan, Timothy R. and Von Korff, Michael},
	month = dec,
	year = {2015},
	pages = {1057--1064}
}

@inproceedings{abadi,
	title = {{TensorFlow}: {A} {System} for {Large}-{Scale} {Machine} {Learning}},
	shorttitle = {{TensorFlow}},
	url = {https://www.usenix.org/conference/osdi16/technical-sessions/presentation/abadi},
	language = {en},
	urldate = {2019-02-19},
	booktitle = {12th {USENIX} {Symposium} on {Operating} {Systems} {Design} and {Implementation} ({OSDI} 16)},
	author = {Abadi, Martin and Barham, Paul and Chen, Jianmin and Chen, Zhifeng and Davis, Andy and Dean, Jeffrey and Devin, Matthieu and Ghemawat, Sanjay and Irving, Geoffrey and Isard, Michael and Kudlur, Manjunath and Levenberg, Josh and Monga, Rajat and Moore, Sherry and Murray, Derek G. and Steiner, Benoit and Tucker, Paul and Vasudevan, Vijay and Warden, Pete and Wicke, Martin and Yu, Yuan and Zheng, Xiaoqiang},
	year = {2016},
	pages = {265--283}
}

@article{kingma,
	title = {Adam: {A} {Method} for {Stochastic} {Optimization}},
	shorttitle = {Adam},
	url = {http://arxiv.org/abs/1412.6980},
	urldate = {2019-02-19},
	journal = {arXiv:1412.6980 [cs]},
	author = {Kingma, Diederik P. and Ba, Jimmy},
	month = dec,
	year = {2014},
	note = {arXiv: 1412.6980},
	keywords = {Computer Science - Machine Learning}
}

@article{srivastava,
	title = {Dropout: {A} {Simple} {Way} to {Prevent} {Neural} {Networks} from {Overfitting}},
	volume = {15},
	language = {en},
	journal = {Journal of Machine Learning Research},
	author = {Srivastava, Nitish and Hinton, Geoﬀrey and Krizhevsky, Alex and Sutskever, Ilya and Salakhutdinov, Ruslan},
	month = jun,
	year = {2014},
	pages = {1929--1958}
}

@article{barocas,
	title = {Estimated {Prevalence} of {Opioid} {Use} {Disorder} in {Massachusetts}, 2011–2015: {A} {Capture}–{Recapture} {Analysis}},
	volume = {108},
	issn = {0090-0036},
	shorttitle = {Estimated {Prevalence} of {Opioid} {Use} {Disorder} in {Massachusetts}, 2011–2015},
	url = {https://ajph.aphapublications.org/doi/10.2105/AJPH.2018.304673},
	doi = {10.2105/AJPH.2018.304673},
	number = {12},
	urldate = {2018-12-06},
	journal = {American Journal of Public Health},
	author = {Barocas, Joshua A. and White, Laura F. and Wang, Jianing and Walley, Alexander Y. and LaRochelle, Marc R. and Bernson, Dana and Land, Thomas and Morgan, Jake R. and Samet, Jeffrey H. and Linas, Benjamin P.},
	month = oct,
	year = {2018},
	pages = {1675--1681}
}

@article{hastings,
	title = {Unlocking {Data} to {Improve} {Public} {Policy}},
	volume = {in press},
	url = {https://osf.io/28krq/},
	doi = {10.31219/osf.io/28krq},
	urldate = {2019-03-25},
	journal = {Communications of the ACM},
	author = {Hastings, Justine S. and Howison, Mark and Lawless, Ted and Ucles, John and White, Preston},
	year = {2019}
}

@article{hochreiter,
	title = {Long {Short}-{Term} {Memory}},
	volume = {9},
	issn = {0899-7667},
	url = {https://www.mitpressjournals.org/doi/10.1162/neco.1997.9.8.1735},
	doi = {10.1162/neco.1997.9.8.1735},
	number = {8},
	urldate = {2018-08-23},
	journal = {Neural Computation},
	author = {Hochreiter, Sepp and Schmidhuber, Jürgen},
	month = nov,
	year = {1997},
	pages = {1735--1780}
}

@article{taddy,
	title = {One-{Step} {Estimator} {Paths} for {Concave} {Regularization}},
	volume = {26},
	issn = {1061-8600, 1537-2715},
	url = {https://www.tandfonline.com/doi/full/10.1080/10618600.2016.1211532},
	doi = {10.1080/10618600.2016.1211532},
	language = {en},
	number = {3},
	urldate = {2019-08-02},
	journal = {Journal of Computational and Graphical Statistics},
	author = {Taddy, Matt},
	month = jul,
	year = {2017},
	pages = {525--536}
}

@article{kleinberg,
	title = {Prediction {Policy} {Problems}},
	volume = {105},
	issn = {0002-8282},
	url = {http://pubs.aeaweb.org/doi/10.1257/aer.p20151023},
	doi = {10.1257/aer.p20151023},
	language = {en},
	number = {5},
	urldate = {2018-02-01},
	journal = {American Economic Review},
	author = {Kleinberg, Jon and Ludwig, Jens and Mullainathan, Sendhil and Obermeyer, Ziad},
	month = may,
	year = {2015},
	pages = {491--495}
}

@inproceedings{bach,
	address = {New York, NY, USA},
	series = {{ICML} '08},
	title = {Bolasso: {Model} {Consistent} {Lasso} {Estimation} {Through} the {Bootstrap}},
	isbn = {978-1-60558-205-4},
	shorttitle = {Bolasso},
	url = {http://doi.acm.org/10.1145/1390156.1390161},
	doi = {10.1145/1390156.1390161},
	urldate = {2018-02-19},
	booktitle = {Proceedings of the 25th {International} {Conference} on {Machine} {Learning}},
	publisher = {ACM},
	author = {Bach, Francis R.},
	year = {2008},
	pages = {33--40}
}

@article{fevotte,
	title = {Algorithms for {Nonnegative} {Matrix} {Factorization} with the β-{Divergence}},
	volume = {23},
	issn = {0899-7667},
	url = {https://www.mitpressjournals.org/doi/10.1162/NECO_a_00168},
	doi = {10.1162/NECO_a_00168},
	number = {9},
	urldate = {2019-03-08},
	journal = {Neural Computation},
	author = {Févotte, Cédric and Idier, Jérôme},
	month = jun,
	year = {2011},
	pages = {2421--2456}
}

@misc{chollet,
	title = {{Keras: The Python Deep Learning library}},
	url = {https://keras.io/},
	urldate = {2019-08-02},
	author = {Chollet, Fran\c{c}ois and others},
	year = {2015}
}

@techreport{amdg,
	author = {Washington State Agency Medical Directors' Group},
	title = {{Interagency Guideline on Prescribing Opioids for Pain}},
	year = {2015},
	url = {http://www.agencymeddirectors.wa.gov/Files/2015AMDGOpioidGuideline.pdf},
	urldate = {2019-08-02}
}

@misc{historicalndc,
	author = {Research Improving People's Lives},
	title = {{Assembling a Historical National Drug Code Directory from the Internet Archive}},
	url = {https://github.com/ripl-org/historical-ndc},
	urldate = {2019-08-02}
}

@misc{ndc,
	author = {U.S. Food \& Drug Administration},
	title = {National Drug Code Directory},
	url = {https://www.fda.gov/Drugs/InformationOnDrugs/ucm142438.htm},
	urldate = {2019-08-02}
}

